@article{chmielewski2015trucks,
  title={TRUCKs: the fourth generation of CARs},
  author={Chmielewski, Markus and Abken, Hinrich},
  journal={Expert opinion on biological therapy},
  volume={15},
  number={8},
  pages={1145--1154},
  year={2015},
  publisher={Taylor \& Francis}
}

@online{knuthwebsite,
    author = "Donald Knuth",
    title = "Knuth: Computers and Typesetting",
    url  = "http://www-cs-faculty.stanford.edu/~uno/abcde.html",
    addendum = "(accessed: 01.09.2016)",
    keywords = "latex,knuth"
}

@online{website01,
    author = "",
    title = "",
    url  = "https://www.nwmissouri.edu/login/",
    addendum = "(accessed: 10.02.2021)",
    keywords = ""
}

@online{website03,
    author = "",
    title = "",
    url  = "https://news.yahoo.com/?guce_referrer=aHR0cHM6Ly93d3cuYmluZy5jb20v&guce_referrer_sig=AQAAAKv10OShswkhKqZv692PVp5CaP9HUVgn3t2aIVQfIZzOkIl_4EXBbOkBT3_UAASBVub1W59u1w2TjOKzuhLd4dNHvlsgyAsxcxdUfxfUdQ6ojyaSog1TudAWlkybx_hKnhORvYSk7a-1l-y-bTpmk9K0bF8yyhcREgJlTCt4uYQY",
    addendum = "(accessed: 10.02.2021)",
    keywords = ""
}